@article{Delmas2019,
author = {Delmas, Eva and Besson, Mathilde and Burkle, Laura A and Riva, Giulio V Dalla and Gravel, Dominique and Guimar, Paulo R and Hembry, David H and Newman, Erica A and Olesen, Jens M},
doi = {10.1111/brv.12433},
file = {:D$\backslash$:/Dissertation/References/Delmes et.al. 2019 review Ecological network.pdf:pdf},
keywords = {1,16,2018 cambridge philosophical society,2019,36,514-343-7691,analyzing ecological networks,author for correspondence,biogeography,biological reviews 94,ca,community ecology,e-mail,ecological networks,graph theory,interactions,poisot,tel,timothee,umontreal},
pages = {16--36},
title = {{Analysing ecological networks of species interactions}},
volume = {94},
year = {2019}
}
